<?xml version="1.0" encoding="UTF-8"?><collection xmlns="http://www.loc.gov/MARC21/slim"><record><leader>00420nam--2200145-i-4500</leader><controlfield tag="001">000039862</controlfield><controlfield tag="002">20161230</controlfield><controlfield tag="005">20161230201042</controlfield><controlfield tag="008">060222s1000------------r-----000-0-eng-d</controlfield><datafield ind1=" " ind2=" " tag="080"><subfield code="a">77(043)</subfield></datafield><datafield ind1=" " ind2=" " tag="100"><subfield code="a">Roussel, Andre</subfield></datafield><datafield ind1=" " ind2=" " tag="245"><subfield code="a">Etude d`un filtre de frequences spatisles fonctionnant en eclairage incoherent</subfield></datafield><datafield ind1=" " ind2=" " tag="260"><subfield code="a">Paris, L`Univ.De Paris-sud, Centre D`Orsay, 1975, 73p.+/Dif.</subfield></datafield><datafield ind1=" " ind2=" " tag="490"><subfield code="a">These</subfield></datafield><datafield ind1=" " ind2=" " tag="852"><subfield code="a">44102</subfield></datafield></record></collection>